% 29480368 
@Article{pmid29480368,
   Author="Saklayen, M. G. ",
   Title="{{T}he {G}lobal {E}pidemic of the {M}etabolic {S}yndrome}",
   Journal="Curr Hypertens Rep",
   Year="2018",
   Volume="20",
   Number="2",
   Pages="12",
   Month="Feb"
}

%TODO
@article{TODO,
  author          = {},
  journal         = {},
  number          = {},
  title           = {},
  volume          = {},
  year            = {}
}